<?xml version="1.0" encoding="UTF-8"?><record xmlns="http://www.loc.gov/MARC21/slim" xmlns:cinclude="http://apache.org/cocoon/include/1.0" xmlns:zs="http://www.loc.gov/zing/srw/">
  <leader>00783cz  a2200157n  4500</leader>
  <controlfield tag="001">n  88247095 </controlfield>
  <controlfield tag="003">DLC</controlfield>
  <controlfield tag="005">20120801082021.0</controlfield>
  <controlfield tag="008">890127n| acannaab           |a ana      </controlfield>
  <datafield tag="010" ind1=" " ind2=" ">
    <subfield code="a">n  88247095 </subfield>
  </datafield>
  <datafield tag="040" ind1=" " ind2=" ">
    <subfield code="a">DLC</subfield>
    <subfield code="b">eng</subfield>
    <subfield code="c">DLC</subfield>
    <subfield code="d">DLC</subfield>
  </datafield>
  <datafield tag="111" ind1="2" ind2=" ">
    <subfield code="a">International Symposium on Polymers for Advanced Technologies</subfield>
    <subfield code="d">(1987 :</subfield>
    <subfield code="c">Jerusalem)</subfield>
  </datafield>
  <datafield tag="411" ind1="2" ind2=" ">
    <subfield code="a">IUPAC International Symposium</subfield>
    <subfield code="d">(1987 :</subfield>
    <subfield code="c">Jerusalem)</subfield>
  </datafield>
  <datafield tag="411" ind1="2" ind2=" ">
    <subfield code="a">Symposium on Polymers for Advanced Technologies, International</subfield>
  </datafield>
  <datafield tag="667" ind1=" " ind2=" ">
    <subfield code="a">THIS 1XX FIELD CANNOT BE USED UNDER RDA UNTIL THIS RECORD HAS BEEN REVIEWED AND/OR UPDATED</subfield>
  </datafield>
  <datafield tag="670" ind1=" " ind2=" ">
    <subfield code="a">Its Polymers for advanced technologies, c1988:</subfield>
    <subfield code="b">t.p. (International Symposium on Polymers for Advanced Technologies, held in Jerusalem, Israel, August 16-21, 1987) cover (IUPAC International Symposium)</subfield>
  </datafield>
</record>